@article{lin2011bicepp,
  title={BICEPP: an example-based statistical text mining method for predicting the binary characteristics of drugs},
  author={Lin, Frank PY and Anthony, Stephen and Polasek, Thomas M and Tsafnat, Guy and Doogue, Matthew P},
  journal={BMC bioinformatics},
  volume={12},
  number={1},
  pages={112},
  year={2011},
  publisher={BioMed Central Ltd}
}

@article{tan2004selecting,
  title={Selecting the right objective measure for association analysis},
  author={Tan, Pang-Ning and Kumar, Vipin and Srivastava, Jaideep},
  journal={Information Systems},
  volume={29},
  number={4},
  pages={293--313},
  year={2004},
  publisher={Elsevier}
}

@inproceedings{kolchinsky2013evaluation,
  title={Evaluation of linear classifiers on articles containing pharmacokinetic evidence of drug--drug interactions},
  author={Kolchinsky, Artemy and Lourenko, A and Li, Lang and Rocha, Luis M},
  booktitle={Pac Symp Biocomput},
  volume={2013},
  pages={409--420},
  year={2013},
  organization={World Scientific}
}
